@article{galeshapley1962,
  author = {D. Gale and L. S. Shapley},
  journal = {The American Mathematical Monthly},
  number = {1},
  pages = {9-15},
  publisher = {Mathematical Association of America},
  title = {College Admissions and the Stability of Marriage},
  volume = {69},
  year = {1962}
}

@article{leuschner2014third,
  title={Third-Party Logistics: A Meta-Analytic Review and Investigation of its Impact on Performance},
  author={Leuschner, Rudolf and Carter, Craig R and Goldsby, Thomas J and Rogers, Zachary S},
  journal={Journal of Supply Chain Management},
  volume={50},
  number={1},
  pages={21--43},
  year={2014},
  publisher={Wiley Online Library}
}

@article{pagell2004understanding,
  title={Understanding the factors that enable and inhibit the integration of operations, purchasing and logistics},
  author={Pagell, Mark},
  journal={Journal of operations management},
  volume={22},
  number={5},
  pages={459--487},
  year={2004},
  publisher={Elsevier}
}

@article{flynn2010impact,
  title={The impact of supply chain integration on performance: A contingency and configuration approach},
  author={Flynn, Barbara B and Huo, Baofeng and Zhao, Xiande},
  journal={Journal of operations management},
  volume={28},
  number={1},
  pages={58--71},
  year={2010},
  publisher={Elsevier}
}

@article{braunscheidel2009organizational,
  title={The organizational antecedents of a firm’s supply chain agility for risk mitigation and response},
  author={Braunscheidel, Michael J and Suresh, Nallan C},
  journal={Journal of operations Management},
  volume={27},
  number={2},
  pages={119--140},
  year={2009},
  publisher={Elsevier}
}

@article{baines2007state,
  title={State-of-the-art in product-service systems},
  author={Baines, Tim S and Lightfoot, Howard W and Evans, Steve and Neely, Andy and Greenough, Richard and Peppard, Joe and Roy, Rajkumar and Shehab, Essam and Braganza, Ashley and Tiwari, Ashutosh and others},
  journal={Proceedings of the Institution of Mechanical Engineers, Part B: Journal of Engineering Manufacture},
  volume={221},
  number={10},
  pages={1543--1552},
  year={2007},
  publisher={Sage Publications}
}

@article{beuren2013product,
  title={Product-service systems: a literature review on integrated products and services},
  author={Beuren, Fernanda H{\"a}nsch and Ferreira, Marcelo Gitirana Gomes and Miguel, Paulo A Cauchick},
  journal={Journal of Cleaner Production},
  volume={47},
  pages={222--231},
  year={2013},
  publisher={Elsevier}
}

@article{tukker2015product,
  title={Product services for a resource-efficient and circular economy--a review},
  author={Tukker, Arnold},
  journal={Journal of cleaner production},
  volume={97},
  pages={76--91},
  year={2015},
  publisher={Elsevier}
}

@article{rusmevichientong2010dynamic,
  title={Dynamic assortment optimization with a multinomial logit choice model and capacity constraint},
  author={Rusmevichientong, Paat and Shen, ZuoJun Max and Shmoys, David B},
  journal={Operations Research},
  volume={58},
  number={6},
  pages={1666--1680},
  year={2010},
  publisher={INFORMS}
}

@article{saure2013optimal,
  title={Optimal dynamic assortment planning with demand learning},
  author={Saur{\'e}, Denis and Zeevi, Assaf},
  journal={Manufacturing \& Service Operations Management},
  volume={15},
  number={3},
  pages={387--404},
  year={2013},
  publisher={INFORMS}
}


@article{zeng2014solving,
  title={Solving bilevel mixed integer program by reformulations and decomposition},
  author={Zeng, Bo and An, Yu},
  journal={Optimization On-line},
  year={2014}
}

@article{chernev2015choice,
  title={Choice overload: A conceptual review and meta-analysis},
  author={Chernev, Alexander and B{\"o}ckenholt, Ulf and Goodman, Joseph},
  journal={Journal of Consumer Psychology},
  volume={25},
  number={2},
  pages={333--358},
  year={2015},
  publisher={Elsevier}
}

@article{tversky1993context,
  title={Context-dependent preferences},
  author={Tversky, Amos and Simonson, Itamar},
  journal={Management science},
  volume={39},
  number={10},
  pages={1179--1189},
  year={1993},
  publisher={INFORMS}
}

@article{swait2002context,
  title={Context dependence and aggregation in disaggregate choice analysis},
  author={Swait, Joffre and Adamowicz, Wiktor and Hanemann, Michael and Diederich, Adele and Krosnick, Jon and Layton, David and Provencher, William and Schkade, David and Tourangeau, Roger},
  journal={Marketing Letters},
  volume={13},
  number={3},
  pages={195--205},
  year={2002},
  publisher={Springer}
}

@article{kivetz2004alternative,
  title={Alternative models for capturing the compromise effect},
  author={Kivetz, Ran and Netzer, Oded and Srinivasan, V},
  journal={Journal of Marketing Research},
  volume={41},
  number={3},
  pages={237--257},
  year={2004},
  publisher={American Marketing Association}
}


@article{orhun2009optimal,
  title={Optimal product line design when consumers exhibit choice set-dependent preferences},
  author={Orhun, A Yesim},
  journal={Marketing Science},
  volume={28},
  number={5},
  pages={868--886},
  year={2009},
  publisher={INFORMS}
}

@article{walker2002generalized,
  title={Generalized random utility model},
  author={Walker, Joan and Ben-Akiva, Moshe},
  journal={Mathematical Social Sciences},
  volume={43},
  number={3},
  pages={303--343},
  year={2002},
  publisher={Elsevier}
}

@article{benisch2011capturing,
  title={Capturing location-privacy preferences: quantifying accuracy and user-burden tradeoffs},
  author={Benisch, Michael and Kelley, Patrick Gage and Sadeh, Norman and Cranor, Lorrie Faith},
  journal={Personal and Ubiquitous Computing},
  volume={15},
  number={7},
  pages={679--694},
  year={2011},
  publisher={Springer}
}

@inproceedings{xie2014location,
  title={Location sharing privacy preference: analysis and personalized recommendation},
  author={Xie, Jierui and Knijnenburg, Bart Piet and Jin, Hongxia},
  booktitle={Proceedings of the 19th international conference on Intelligent User Interfaces},
  pages={189--198},
  year={2014},
  organization={ACM}
}

@inproceedings{knijnenburg2013preference,
  title={Preference-based location sharing: are more privacy options really better?},
  author={Knijnenburg, Bart P and Kobsa, Alfred and Jin, Hongxia},
  booktitle={Proceedings of the SIGCHI Conference on Human Factors in Computing Systems},
  pages={2667--2676},
  year={2013},
  organization={ACM}
}

@article{park2009ewom,
  title={eWOM overload and its effect on consumer behavioral intention depending on consumer involvement},
  author={Park, Do-Hyung and Lee, Jumin},
  journal={Electronic Commerce Research and Applications},
  volume={7},
  number={4},
  pages={386--398},
  year={2009},
  publisher={Elsevier}
}
@article{narasimhan2013differentiate,
  title={Differentiate or imitate? The role of context-dependent preferences},
  author={Narasimhan, Chakravarthi and Turut, {\"O}zge},
  journal={Marketing Science},
  volume={32},
  number={3},
  pages={393--410},
  year={2013},
  publisher={INFORMS}
}

@inproceedings{bollen2010understanding,
  title={Understanding choice overload in recommender systems},
  author={Bollen, Dirk and Knijnenburg, Bart P and Willemsen, Martijn C and Graus, Mark},
  booktitle={Proceedings of the fourth ACM conference on Recommender systems},
  pages={63--70},
  year={2010},
  organization={ACM}
}

@article{dhar1996similarity,
  title={Similarity in context: Cognitive representation and violation of preference and perceptual invariance in consumer choice},
  author={Dhar, Ravi and Glazer, Rashi},
  journal={Organizational Behavior and Human Decision Processes},
  volume={67},
  number={3},
  pages={280--293},
  year={1996},
  publisher={Elsevier}
}


@article{sela2009variety,
  title={Variety, vice, and virtue: How assortment size influences option choice},
  author={Sela, Aner and Berger, Jonah and Liu, Wendy},
  journal={Journal of Consumer Research},
  volume={35},
  number={6},
  pages={941--951},
  year={2009},
  publisher={The Oxford University Press}
}

@article{bracken1973mathematical,
  title={Mathematical programs with optimization problems in the constraints},
  author={Bracken, Jerome and McGill, James T},
  journal={Operations Research},
  volume={21},
  number={1},
  pages={37--44},
  year={1973},
  publisher={INFORMS}
}

@book{candler1977multi,
  title={Multi-level programming and development policy},
  author={Candler, Wilfred and Norton, Roger},
  year={1977},
  publisher={The World Bank}
}

@book{bard1998practical,
  title={Practical bilevel optimization: algorithms and applications},
  author={Bard, Jonathan F},
  volume={30},
  year={1998},
  publisher={Springer Science \& Business Media}
}

@article{audet1997links,
  title={Links between linear bilevel and mixed 0--1 programming problems},
  author={Audet, Charles and Hansen, Pierre and Jaumard, Brigitte and Savard, Gilles},
  journal={Journal of Optimization Theory and Applications},
  volume={93},
  number={2},
  pages={273--300},
  year={1997},
  publisher={Springer}
}

@article{frangioni1995new,
  title={On a new class of bilevel programming problems and its use for reformulating mixed integer problems},
  author={Frangioni, Antonio},
  journal={European Journal of Operational Research},
  volume={82},
  number={3},
  pages={615--646},
  year={1995},
  publisher={Elsevier}
}

@article{fortuny1981representation,
  title={A representation and economic interpretation of a two-level programming problem},
  author={Fortuny-Amat, Jos{\'e} and McCarl, Bruce},
  journal={Journal of the operational Research Society},
  volume={32},
  number={9},
  pages={783--792},
  year={1981},
  publisher={Springer}
}

@article{lim2007algorithms,
  title={Algorithms for discrete and continuous multicommodity flow network interdiction problems},
  author={Lim, Churlzu and Smith, J Cole},
  journal={IIE Transactions},
  volume={39},
  number={1},
  pages={15--26},
  year={2007},
  publisher={Taylor \& Francis}
}

@article{sullivan2014convex,
  title={Convex hull representation of the deterministic bipartite network interdiction problem},
  author={Sullivan, Kelly M and Smith, J Cole and Morton, David P},
  journal={Mathematical Programming},
  volume={145},
  number={1-2},
  pages={349--376},
  year={2014},
  publisher={Springer}
}

@article{scaparra2008bilevel,
  title={A bilevel mixed-integer program for critical infrastructure protection planning},
  author={Scaparra, Maria P and Church, Richard L},
  journal={Computers \& Operations Research},
  volume={35},
  number={6},
  pages={1905--1923},
  year={2008},
  publisher={Elsevier}
}

@article{dempe2016solution,
  title={On the solution of convex bilevel optimization problems},
  author={Dempe, S and Franke, S},
  journal={Computational Optimization and Applications},
  volume={63},
  number={3},
  pages={685--703},
  year={2016},
  publisher={Springer}
}

@book{ford2015flows,
  title={Flows in networks},
  author={Ford Jr, Lester Randolph and Fulkerson, Delbert Ray},
  year={2015},
  publisher={Princeton University Press}
}


@book{train2009discrete,
  title={Discrete choice methods with simulation},
  author={Train, Kenneth E},
  year={2009},
  publisher={Cambridge University Press}
}

@article{rusmevichientong2010dynamic,
  title={Dynamic assortment optimization with a multinomial logit choice model and capacity constraint},
  author={Rusmevichientong, Paat and Shen, ZuoJun Max and Shmoys, David B},
  journal={Operations Research},
  volume={58},
  number={6},
  pages={1666-1680},
  year={2010},
  publisher={INFORMS}
}

@article{mcfadden2000mixed,
  title={Mixed MNL models for discrete response},
  author={McFadden, Daniel and Train, Kenneth},
  journal={Journal of Applied Econometrics},
  volume={15},
  number={5},
  pages={447--470},
  year={2000}
}

@article{rusmevichientong2010dynamic,
  title={Dynamic assortment optimization with a multinomial logit choice model and capacity constraint},
  author={Paat Rusmevichientong and Zuo Jun Max Shen and David B Shmoys},
  journal={Operations Research},
  volume={58},
  number={6},
  pages={1666--1680},
  year={2010},
  publisher={INFORMS}
}


@article{kuhn1955hungarian,
  title={The Hungarian method for the assignment problem},
  author={Kuhn, Harold W},
  journal={Naval Research Logistics Quarterly},
  volume={2},
  number={1-2},
  pages={83--97},
  year={1955},
  publisher={Wiley Online Library}
}

@article{davis2014assortment,
  title={Assortment optimization under variants of the nested logit model},
  author={Davis, James M and Gallego, Guillermo and Topaloglu, Huseyin},
  journal={Operations Research},
  volume={62},
  number={2},
  pages={250--273},
  year={2014},
  publisher={INFORMS}
}

@article{tversky1986rational,
  title={Rational choice and the framing of decisions},
  author={Tversky, Amos and Kahneman, Daniel},
  journal={Journal of business},
  pages={S251--S278},
  year={1986},
  publisher={JSTOR}
}

@article{walker2002generalized,
  title={Generalized random utility model},
  author={Walker, Joan and Ben Akiva, Moshe},
  journal={Mathematical Social Sciences},
  volume={43},
  number={3},
  pages={303--343},
  year={2002},
  publisher={Elsevier}
}

@article{zhang2011unraveling,
  title={Unraveling the choice format effect: A context-dependent random utility model},
  author={Zhang, Jing and Adamowicz, Wiktor L},
  journal={Land Economics},
  volume={87},
  number={4},
  pages={730--743},
  year={2011},
  publisher={University of Wisconsin Press}
}

@article{cachon2005retail,
  title={Retail assortment planning in the presence of consumer search},
  author={Cachon, G{\'e}rard P and Terwiesch, Christian and Xu, Yi},
  journal={Manufacturing \& Service Operations Management},
  volume={7},
  number={4},
  pages={330--346},
  year={2005},
  publisher={INFORMS}
}

@article{talluri2004revenue,
  title={Revenue management under a general discrete choice model of consumer behavior},
  author={Talluri, Kalyan and Van Ryzin, Garrett},
  journal={Management Science},
  volume={50},
  number={1},
  pages={15--33},
  year={2004},
  publisher={INFORMS}
}

@article{benjaafar2015peer,
  title={Peer-to-peer product sharing: Implications for ownership, usage and social welfare in the sharing economy},
  author={Benjaafar, Saif and Kong, Guangwen Crystal and Li, Xiang and Courcoubetis, Costas},
  journal={Working Paper},
  year={2015}
}

@article{cullen2014outsourcing,
  title={Outsourcing tasks online: Matching supply and demand on peer-to-peer internet platforms},
  author={Cullen, Zo{\"e} and Farronato, Chiara},
  journal={Working Paper},
  year={2014}
}

@article{murphy2016shared,
  title={Shared Mobility and the Transformation of Public Transit},
  author={Murphy, Colin},
  year={2016},
journal={The National Academies Transportation Research Board TCRP J-11/TASK 21}
}


@article{allen2015sharing,
  title={The sharing economy},
  author={Allen, Darcy},
  journal={Review-Institute of Public Affairs},
  volume={67},
  number={3},
  pages={24},
  year={2015},
  publisher={Institute of Public Affairs}
}

@article{kahneman1979prospect,
  title={Prospect theory: An analysis of decision under risk},
  author={Kahneman, Daniel and Tversky, Amos},
  journal={Econometrica: Journal of the econometric society},
  pages={263--291},
  year={1979},
  publisher={JSTOR}
}

@article{johari2016know,
  title={Know your customer: Multi-armed bandits with capacity constraints},
  author={Johari, Ramesh and Kamble, Vijay and Kanoria, Yash},
  journal={Working Paper available at arXiv preprint arXiv:1603.04549},
  year={2016}
}

@article{jiang2016collaborative,
  title={Collaborative Consumption: Strategic and Economic Implications of Product Sharing},
  author={Jiang, Baojun and Tian, Lin},
  journal={Working Paper, available at SSRN 2561907},
  year={2016}
}

@inproceedings{fradkin2015bias,
  title={Bias and reciprocity in online reviews: Evidence from field experiments on airbnb},
  author={Fradkin, Andrey and Grewal, Elena and Holtz, Dave and Pearson, Matthew},
  booktitle={Proceedings of the Sixteenth ACM Conference on Economics and Computation},
  pages={641--641},
  year={2015},
  organization={ACM}
}

@article{colson2007overview,
  title={An overview of bilevel optimization},
  author={Colson, Beno{\^\i}t and Marcotte, Patrice and Savard, Gilles},
  journal={Annals of operations research},
  volume={153},
  number={1},
  pages={235--256},
  year={2007},
  publisher={Springer}
}

@article{bracken1973mathematical,
  title={Mathematical programs with optimization problems in the constraints},
  author={Bracken, Jerome and McGill, James T},
  journal={Operations Research},
  volume={21},
  number={1},
  pages={37--44},
  year={1973},
  publisher={INFORMS}
}

@book{von1952theory,
  title={The theory of the market economy},
  author={Von Stackelberg, Heinrich},
  year={1952},
  publisher={Oxford University Press}
}


@article{farahani2013review,
  title={A review of urban transportation network design problems},
  author={Farahani, Reza Zanjirani and Miandoabchi, Elnaz and Szeto, Wai Yuen and Rashidi, Hannaneh},
  journal={European Journal of Operational Research},
  volume={229},
  number={2},
  pages={281--302},
  year={2013},
  publisher={Elsevier}
}

@article{marcotte1986network,
  title={Network design problem with congestion effects: A case of bilevel programming},
  author={Marcotte, Patrice},
  journal={Mathematical programming},
  volume={34},
  number={2},
  pages={142--162},
  year={1986},
  publisher={Springer}
}

@article{brotcorne2001bilevel,
  title={A bilevel model for toll optimization on a multicommodity transportation network},
  author={Brotcorne, Luce and Labb{\'e}, Martine and Marcotte, Patrice and Savard, Gilles},
  journal={Transportation Science},
  volume={35},
  number={4},
  pages={345--358},
  year={2001},
  publisher={INFORMS}
}


@article{zeng2015easier,
  title={Easier than we thought-a practical scheme to compute pessimistic bilevel optimization problem},
  author={Zeng, Bo},
  journal={Available at SSRN 2658342},
  year={2015}
}

@article{delgadillo2010analysis,
  title={Analysis of electric grid interdiction with line switching},
  author={Delgadillo, Andr{\'e}s and Arroyo, Jos{\'e} Manuel and Alguacil, Natalia},
  journal={IEEE Transactions on Power Systems},
  volume={25},
  number={2},
  pages={633--641},
  year={2010},
  publisher={IEEE}
}

@article{denegre2011interdiction,
  title={Interdiction and discrete bilevel linear programming},
  author={DeNegre, Scott},
  year={2011}
}

@article{moore1990mixed,
  title={The mixed integer linear bilevel programming problem},
  author={Moore, James T and Bard, Jonathan F},
  journal={Operations Research},
  volume={38},
  number={5},
  pages={911--921},
  year={1990},
  publisher={INFORMS}
}

@phdthesis{xu2012three,
  title={Three essays on bilevel optimization algorithms and applications},
  author={Xu, Pan},
  year={2012},
school={Iowa State University}
}



@article{orhun2009optimal,
  title={Optimal product line design when consumers exhibit choice set-dependent preferences},
  author={Orhun, A Yesim},
  journal={Marketing Science},
  volume={28},
  number={5},
  pages={868--886},
  year={2009},
  publisher={INFORMS}
}

@book{roughgarden2005selfish,
  title={Selfish routing and the price of anarchy},
  author={Roughgarden, Tim},
   year={2005},
  publisher={MIT Press Cambridge}
}


@article{noguchi2014attraction,
  title={In the attraction, compromise, and similarity effects, alternatives are repeatedly compared in pairs on single dimensions},
  author={Noguchi, Takao and Stewart, Neil},
  journal={Cognition},
  volume={132},
  number={1},
  pages={44--56},
  year={2014},
  publisher={Elsevier}
}

@article{narasimhan2013differentiate,
  title={Differentiate or imitate? The role of context dependent preferences},
  author={Narasimhan, Chakravarthi and Turut, {\"O}zge},
  journal={Marketing Science},
  volume={32},
  number={3},
  pages={393--410},
  year={2013},
  publisher={INFORMS}
}

@article{ShahabWorkingPaperSharing,
  title={Bi-Level Optimization Model, Strcutural Results, and Decomposition Approach for Peer-to-Peer Resource Sharing Systems},
  author={Mofidi, Shahab and Pazour, Jennifer A},
  journal={Working Paper},
  year={2016}
}

@article{UzmaPaper1,
  title={Incorporating cardinality context effects in Random Utility Models},
  author={Mushtaque, Uzma and Pazour, Jennifer A},
  journal={Working Paper},
  year={2016}
}


@article{tversky1993context,
  title={Context dependent preferences},
  author={Tversky, Amos and Simonson, Itamar},
  journal={Management science},
  volume={39},
  number={10},
  pages={1179--1189},
  year={1993},
  publisher={INFORMS}
}

@article{kivetz2004alternative,
  title={Alternative models for capturing the compromise effect},
  author={Ran Kivetz and Oded Netzer and V Srinivasan},
  journal={Journal of Marketing Research},
  volume={41},
  number={3},
  pages={237--257},
  year={2004},
  publisher={American Marketing Association}
}


@article{sheng2005understanding,
  title={Understanding the mechanism and determinants of compromise effects},
  author={Sheng, Shibin and Parker, Andrew M and Nakamoto, Kent},
  journal={Psychology \& Marketing},
  volume={22},
  number={7},
  pages={591},
  year={2005},
  publisher={Wiley Periodicals Inc.}
}

@article{simonson1989choice,
  title={Choice based on reasons: The case of attraction and compromise effects},
  author={Simonson, Itamar},
  journal={Journal of Consumer Research},
  volume={16},
  number={2},
  pages={158--174},
  year={1989},
  publisher={The Oxford University Press}
}


@article{simonson1992choice,
  title={Choice in context: Tradeoff contrast and extremeness aversion},
  author={Simonson, Itamar and Tversky, Amos},
  journal={Journal of Marketing Research},
  volume={29},
  number={3},
  pages={281},
  year={1992},
  publisher={American Marketing Association.}
}

@article{pazour2010TRA,
  title={A model to design a national high-speed rail network for freight distribution},
  author={Pazour, Jennifer A and Meller, Russell D and Pohl, Letitia M},
  journal={Transportation Research Part A: Policy and Practice},
  volume={44},
  number={3},
  pages={119--135},
  year={2010},
  publisher={Elsevier}
}


@article{roypazourrentaliie,
  title={A novel approach for designing rental vehicle repositioning strategies},
  author={Roy, Debjit and Pazour, Jennifer A and De Koster, Ren{\'e}},
  journal={IIE Transactions},
  volume={46},
  number={9},
  pages={948--967},
  year={2014},
  publisher={Taylor \& Francis}
}

@article{pazour2013batch,
  title={The impact of batch retrievals on throughput performance of a carousel system serviced by a storage and retrieval machine},
  author={Pazour, Jennifer A and Meller, Russell D},
  journal={International Journal of Production Economics},
  volume={142},
  number={2},
  pages={332--342},
  year={2013},
  publisher={Elsevier}
}

@phdthesis{ramtin2015phdthesis,
  title={Modeling and Analysis of Automated Storage and Retrieval System with Multiple In-the-aisle Pick Positions},
  author={Ramtin, Faraz},
  year={2015},
  school={University of Central Florida Orlando, Florida},
note={Main advisor: J A Pazour }
}

@incollection{kok2015assortment,
  title={Assortment planning: Review of literature and industry practice},
  author={K{\"o}k, A G{\"u}rhan and Fisher, Marshall L and Vaidyanathan, Ramnath},
  booktitle={Retail supply chain management},
  pages={175--236},
  year={2015},
  publisher={Springer}
}


@article{blanchet2013markov,
  title={A markov chain approximation to choice modeling.},
  author={Blanchet, Jose H and Gallego, Guillermo and Goyal, Vineet},
  journal={Operations Research},
  volume={online},
  year={2016},
  publisher={INFORMS}

}

@article{feldman2015capacity,
  title={Capacity constraints across nests in assortment optimization under the nested logit model},
  author={Feldman, Jacob B and Topaloglu, Huseyin},
  journal={Operations Research},
  volume={63},
  number={4},
  pages={812--822},
  year={2015},
  publisher={INFORMS}
}

@article{gallego2014constrained,
  title={Constrained assortment optimization for the nested logit model},
  author={Gallego, Guillermo and Topaloglu, Huseyin},
  journal={Management Science},
  volume={60},
  number={10},
  pages={2583--2601},
  year={2014},
  publisher={INFORMS}
}


@article{ramtin1stIIE,
  title={Analytical models for an automated storage and retrieval system with multiple in-the-aisle pick positions},
  author={Ramtin, Faraz and Pazour, Jennifer A},
  journal={IIE Transactions},
  volume={46},
  number={9},
  pages={968--986},
  year={2014},
  publisher={Taylor \& Francis}
}

@article{farias2013nonparametric,
  title={A nonparametric approach to modeling choice with limited data},
  author={Farias, Vivek F and Jagabathula, Srikanth and Shah, Devavrat},
  journal={Management Science},
  volume={59},
  number={2},
  pages={305--322},
  year={2013},
  publisher={INFORMS}
}


@article{cohn2003improving,
  title={Improving crew scheduling by incorporating key maintenance routing decisions},
  author={Cohn, Amy Mainville and Barnhart, Cynthia},
  journal={Operations Research},
  volume={51},
  number={3},
  pages={387--396},
  year={2003},
  publisher={INFORMS}
}


@article{barlatt2009using,
  title={Using composite variable modeling to achieve realism and tractability in production planning: an example from automotive stamping},
  author={Barlatt, Ada and Cohn, Amy and Fradkin, Yakov and Gusikhin, Oleg and Morford, Craig},
  journal={IIE Transactions},
  volume={41},
  number={5},
  pages={421--436},
  year={2009},
  publisher={Taylor \& Francis}
}

@article{gao2005solution,
  title={Solution algorithm for the bi-level discrete network design problem},
  author={Gao, Ziyou and Wu, Jianjun and Sun, Huijun},
  journal={Transportation Research Part B: Methodological},
  volume={39},
  number={6},
  pages={479--495},
  year={2005},
  publisher={Elsevier}
}

@article{zhang2009approximate,
  title={An approximate dynamic programming approach to network revenue management with customer choice},
  author={Zhang, Dan and Adelman, Daniel},
  journal={Transportation Science},
  volume={43},
  number={3},
  pages={381--394},
  year={2009},
  publisher={INFORMS}
}

@article{zhang2005revenue,
  title={Revenue management for parallel flights with customer-choice behavior},
  author={Zhang, Dan and Cooper, William L},
  journal={Operations Research},
  volume={53},
  number={3},
  pages={415--431},
  year={2005},
  publisher={INFORMS}
}

@article{kunnumkal2010new,
  title={A new dynamic programming decomposition method for the network revenue management problem with customer choice behavior},
  author={Kunnumkal, Sumit and Topaloglu, Huseyin},
  journal={Production and Operations Management},
  volume={19},
  number={5},
  pages={575--590},
  year={2010},
  publisher={Wiley Online Library}
}

@article{gallego2014general,
  title={A general attraction model and sales-based linear program for network revenue management under customer choice},
  author={Gallego, Guillermo and Ratliff, Richard and Shebalov, Sergey},
  journal={Operations Research},
  volume={63},
  number={1},
  pages={212--232},
  year={2014},
  publisher={INFORMS}
}

@article{topaloglu2013joint,
  title={Joint stocking and product offer decisions under the multinomial logit model},
  author={Topaloglu, Huseyin},
  journal={Production and Operations Management},
  volume={22},
  number={5},
  pages={1182--1199},
  year={2013},
  publisher={Wiley Online Library}
}

@article{bernstein2015dynamic,
  title={Dynamic assortment customization with limited inventories},
  author={Bernstein, Fernando and K{\"o}k, A G{\"u}rhan and Xie, Lei},
  journal={Manufacturing \& Service Operations Management},
  volume={17},
  number={4},
  pages={538--553},
  year={2015},
  publisher={INFORMS}
}


@article{rooderkerk2011incorporating,
  title={Incorporating context effects into a choice model},
  author={Rooderkerk, Robert P and Van Heerde, Harald J and Bijmolt, Tammo HA},
  journal={Journal of Marketing Research},
  volume={48},
  number={4},
  pages={767--780},
  year={2011},
  publisher={American Marketing Association}
}

@article{li2014share,
  title={The share-a-ride problem: People and parcels sharing taxis},
  author={Li, Baoxiang and Krushinsky, Dmitry and Reijers, Hajo A and Van Woensel, Tom},
  journal={European Journal of Operational Research},
  volume={238},
  number={1},
  pages={31--40},
  year={2014},
  publisher={Elsevier}
}

@article{wang2014stable,
  title={Stable matching for dynamic ride-sharing systems},
  author={Wang, Xing and Agatz, Niels and Erera, Alan},
  journal={ERIM Report Series Reference No. ERS-2015-006-LIS},
  year={2014}
}

@article{stiglic2016making,
  title={Making dynamic ride-sharing work: The impact of driver and rider flexibility},
  author={Stiglic, Mitja and Agatz, Niels and Savelsbergh, Martin and Gradisar, Mirko},
  journal={Transportation Research Part E: Logistics and Transportation Review},
  volume={91},
  pages={190--207},
  year={2016},
  publisher={Elsevier}
}

@article{hinde2006using,
  title={Using the personal response system to enhance student learning: some evidence from teaching economics},
  author={Hinde, Kevin and Hunt, Andrew},
  journal={Audience response systems in higher education},
  pages={140--154},
  year={2006},
  publisher={ed Hershey, PA: Information Science Publishing}
}

@article{caldwell2007clickers,
  title={Clickers in the large classroom: current research and best-practice tips},
  author={Caldwell, Jane E},
  journal={CBE-Life Sciences Education},
  volume={6},
  number={1},
  pages={9--20},
  year={2007},
  publisher={Am Soc Cell Biol}
}

@article{mayo2007games,
  title={Games for science and engineering education},
  author={Mayo, Merrilea J},
  journal={Communications of the ACM},
  volume={50},
  number={7},
  pages={30--35},
  year={2007},
  publisher={ACM}
}

@article{moss2011effective,
  title={Effective learning in science: the use of personal response systems with a wide range of audiences},
  author={Moss, Karen and Crowley, Mark},
  journal={Computers \& Education},
  volume={56},
  number={1},
  pages={36--43},
  year={2011},
  publisher={Elsevier}
}

@article{deshpande2011simulation,
  title={Simulation games in engineering education: a state-of-the-art review},
  author={Deshpande, Amit A and Huang, Samuel H},
  journal={Computer Applications in Engineering Education},
  volume={19},
  number={3},
  pages={399--410},
  year={2011},
  publisher={Wiley Online Library}
}

@article{derman1972sequential,
  title={A sequential stochastic assignment problem},
  author={Derman, Cyrus and Lieberman, Gerald J and Ross, Sheldon M},
  journal={Management Science},
  volume={18},
  number={7},
  pages={349--355},
  year={1972},
  publisher={INFORMS}
}

@article{scheibehenne2010can,
  title={Can there ever be too many options? A meta-analytic review of choice overload},
  author={Scheibehenne, Benjamin and Greifeneder, Rainer and Todd, Peter M},
  journal={Journal of Consumer Research},
  volume={37},
  number={3},
  pages={409--425},
  year={2010},
  publisher={JSTOR}
}

@article{agatz2012optimization,
  title={Optimization for dynamic ride-sharing: a review},
  author={Agatz, Niels and Erera, Alan and Savelsbergh, Martin and Wang, Xing},
  journal={European Journal of Operational Research},
  volume={223},
  number={2},
  pages={295--303},
  year={2012},
  publisher={Elsevier}
}

@article{pillac2013review,
  title={A review of dynamic vehicle routing problems},
  author={Pillac, Victor and Gendreau, Michel and Gu{\'e}ret, Christelle and Medaglia, Andr{\'e}s L},
  journal={European Journal of Operational Research},
  volume={225},
  number={1},
  pages={1--11},
  year={2013},
  publisher={Elsevier}
}

@article{parragh2008survey,
  title={A survey on pickup and delivery problems},
  author={Parragh, Sophie N and Doerner, Karl F and Hartl, Richard F},
  journal={Journal f{\"u}r Betriebswirtschaft},
  volume={58},
  number={1},
  pages={21--51},
  year={2008},
  publisher={Springer}
}

@article{gruebele2008interactive,
  title={Interactive system for real time dynamic multi-hop carpooling},
  author={Gruebele, Philip A},
  journal={Global Transport Knowledge Partnership},
  year={2008}
}

@incollection{herbawi2011evolutionary,
  title={Evolutionary multiobjective route planning in dynamic multi-hop ridesharing},
  author={Herbawi, Wesam and Weber, Michael},
  booktitle={Evolutionary Computation in Combinatorial Optimization},
  pages={84--95},
  year={2011},
  publisher={Springer}
}

@article{cortes2010pickup,
  title={The pickup and delivery problem with transfers: Formulation and a branch-and-cut solution method},
  author={Cort{\'e}s, Cristi{\'a}n E and Matamala, Mart{\'\i}n and Contardo, Claudio},
  journal={European Journal of Operational Research},
  volume={200},
  number={3},
  pages={711--724},
  year={2010},
  publisher={Elsevier}
}

@article{kikuchi1984scheduling,
  title={Scheduling of demand-responsive transit vehicles},
  author={Kikuchi, Shinya},
  journal={Journal of Transportation Engineering},
  volume={110},
  number={6},
  pages={511--520},
  year={1984},
  publisher={American Society of Civil Engineers}
}

@article{coslovich2006two,
  title={A two-phase insertion technique of unexpected customers for a dynamic dial-a-ride problem},
  author={Coslovich, Luca and Pesenti, Raffaele and Ukovich, Walter},
  journal={European Journal of Operational Research},
  volume={175},
  number={3},
  pages={1605--1615},
  year={2006},
  publisher={Elsevier}
}

@article{horn2002fleet,
  title={Fleet scheduling and dispatching for demand-responsive passenger services},
  author={Horn, Mark ET},
  journal={Transportation Research Part C: Emerging Technologies},
  volume={10},
  number={1},
  pages={35--63},
  year={2002},
  publisher={Elsevier}
}

@article{horn2002multi,
  title={Multi-modal and demand-responsive passenger transport systems: a modelling framework with embedded control systems},
  author={Horn, MET},
  journal={Transportation Research Part A: Policy and Practice},
  volume={36},
  number={2},
  pages={167--188},
  year={2002},
  publisher={Elsevier}
}

@article{xiang2006fast,
  title={A fast heuristic for solving a large-scale static dial-a-ride problem under complex constraints},
  author={Xiang, Zhihai and Chu, Chengbin and Chen, Haoxun},
  journal={European Journal of Operational Research},
  volume={174},
  number={2},
  pages={1117--1139},
  year={2006},
  publisher={Elsevier}
}

@article{xiang2008study,
  title={The study of a dynamic dial-a-ride problem under time-dependent and stochastic environments},
  author={Xiang, Zhihai and Chu, Chengbin and Chen, Haoxun},
  journal={European Journal of Operational Research},
  volume={185},
  number={2},
  pages={534--551},
  year={2008},
  publisher={Elsevier}
}

@article{quadrifoglio2007insertion,
  title={An insertion heuristic for scheduling mobility allowance shuttle transit (MAST) services},
  author={Quadrifoglio, Luca and Dessouky, Maged M and Palmer, Kurt},
  journal={Journal of Scheduling},
  volume={10},
  number={1},
  pages={25--40},
  year={2007},
  publisher={Springer}
}

@article{zhao2008service,
  title={Service capacity design problems for mobility allowance shuttle transit systems},
  author={Zhao, Jiamin and Dessouky, Maged},
  journal={Transportation Research Part B: Methodological},
  volume={42},
  number={2},
  pages={135--146},
  year={2008},
  publisher={Elsevier}
}

@article{diana2004new,
  title={A new regret insertion heuristic for solving large-scale dial-a-ride problems with time windows},
  author={Diana, Marco and Dessouky, Maged M},
  journal={Transportation Research Part B: Methodological},
  volume={38},
  number={6},
  pages={539--557},
  year={2004},
  publisher={Elsevier}
}

@article{liaw1996decision,
  title={A decision support system for the bimodal dial-a-ride problem},
  author={Liaw, Ching-Fang and White, Chelsea C and Bander, James},
  journal={Systems, Man and Cybernetics, Part A: Systems and Humans, IEEE Transactions on},
  volume={26},
  number={5},
  pages={552--565},
  year={1996},
  publisher={IEEE}
}

@article{powell2000value,
  title={On the value of optimal myopic solutions for dynamic routing and scheduling problems in the presence of user noncompliance},
  author={Powell, Warren B and Towns, Michael T and Marar, Arun},
  journal={Transportation Science},
  volume={34},
  number={1},
  pages={67--85},
  year={2000},
  publisher={INFORMS}
}

@article{yang2004real,
  title={Real-time multivehicle truckload pickup and delivery problems},
  author={Yang, Jian and Jaillet, Patrick and Mahmassani, Hani},
  journal={Transportation Science},
  volume={38},
  number={2},
  pages={135--148},
  year={2004},
  publisher={INFORMS}
}

@article{dial1995autonomous,
  title={Autonomous dial-a-ride transit introductory overview},
  author={Dial, Robert B},
  journal={Transportation Research Part C: Emerging Technologies},
  volume={3},
  number={5},
  pages={261--275},
  year={1995},
  publisher={Elsevier}
}

@article{healy1995new,
  title={A new extension of local search applied to the dial-a-ride problem},
  author={Healy, Patrick and Moll, Robert},
  journal={European Journal of Operational Research},
  volume={83},
  number={1},
  pages={83--104},
  year={1995},
  publisher={Elsevier}
}

@incollection{campbell2005strategic,
  title={Strategic network design for motor carriers},
  author={Campbell, James F},
  booktitle={Logistics systems: design and optimization},
  pages={245--278},
  year={2005},
  publisher={Springer}
}

@article{alumur2008network,
  title={Network hub location problems: the state of the art},
  author={Alumur, Sibel and Kara, Bahar Y},
  journal={European Journal of Operational Research},
  volume={190},
  number={1},
  pages={1--21},
  year={2008},
  publisher={Elsevier}
}


@article{tukker2004eight,
  title={Eight types of product--service system: eight ways to sustainability? Experiences from SusProNet},
  author={Tukker, Arnold},
  journal={Business strategy and the environment},
  volume={13},
  number={4},
  pages={246--260},
  year={2004},
  publisher={Wiley Online Library}
}

@article{mont2002clarifying,
  title={Clarifying the concept of product--service system},
  author={Mont, OK},
  journal={Journal of cleaner production},
  volume={10},
  number={3},
  pages={237--245},
  year={2002},
  publisher={Elsevier}
}

@phdthesis{zheng2011collaborative,
  title={Collaborative Consumption},
  author={Zheng, Jia},
  year={2011},
  school={University of Texas}
}

@article{prothero2011sustainable,
  title={Sustainable consumption: opportunities for consumer research and public policy},
  author={Prothero, Andrea and Dobscha, Susan and Freund, Jim and Kilbourne, William E and Luchs, Michael G and Ozanne, Lucie K and Th{\o}gersen, John},
  journal={Journal of Public Policy \& Marketing},
  volume={30},
  number={1},
  pages={31--38},
  year={2011},
  publisher={Am Marketing Assoc}
}

@article{phipps2012understanding,
  title={Understanding the inherent complexity of sustainable consumption: A social cognitive framework},
  author={Phipps, Marcus and Ozanne, Lucie K and Luchs, Michael G and Subrahmanyan, Saroja and Kapitan, Sommer and Catlin, Jesse R and Gau, Roland and Naylor, Rebecca Walker and Rose, Randall L and Simpson, Bonnie and others},
  journal={Journal of Business Research},
  year={2012},
  publisher={Elsevier}
}


@article{Moghaddam201493,
title = "Combined demand and capacity sharing with best matching decisions in enterprise collaboration ",
journal = "International Journal of Production Economics ",
volume = "148",
pages = "93 - 109",
year = "2014",
note = "",
issn = "0925-5273",
doi = "http://dx.doi.org/10.1016/j.ijpe.2013.11.015",
url = "http://www.sciencedirect.com/science/article/pii/S0925527313005306",
author = "Mohsen Moghaddam and Shimon Y. Nof",
keywords = "Supply enterprise",
keywords = "Collaboration",
keywords = "Demand and capacity sharing",
keywords = "Best matching",
keywords = "Mixed integer programming",
keywords = "Queuing theory "
}

@article{powell2000value,
  title={On the value of optimal myopic solutions for dynamic routing and scheduling problems in the presence of user noncompliance},
  author={Warren B Powell and Michael T Towns and Arun Marar},
  journal={Transportation Science},
  volume={34},
  number={1},
  pages={67--85},
  year={2000},
  publisher={INFORMS}
}


@article{yang2004real,
  title={Real-time multivehicle truckload pickup and delivery problems},
  author={Yang, Jian and Jaillet, Patrick and Mahmassani, Hani},
  journal={Transportation Science},
  volume={38},
  number={2},
  pages={135--148},
  year={2004},
  publisher={INFORMS}
}


@article{Slotnick20111,
title = "Order acceptance and scheduling: a taxonomy and review ",
journal = "European Journal of Operational Research ",
volume = "212",
number = "1",
pages = "1 - 11",
year = "2011",
note = "",
issn = "0377-2217",
doi = "http://dx.doi.org/10.1016/j.ejor.2010.09.042",
url = "http://www.sciencedirect.com/science/article/pii/S0377221710006405",
author = "Susan A. Slotnick",
keywords = "Scheduling",
keywords = "Order acceptance",
keywords = "Job rejection",
keywords = "Survey "
}



@article{agatz2012optimization,
  title={Optimization for dynamic ride-sharing: a review},
  author={Niels Agatz and Alan Erera and Martin Savelsbergh and Xing Wang},
  journal={European Journal of Operational Research},
  volume={223},
  number={2},
  pages={295--303},
  year={2012},
  publisher={Elsevier}
}

@article{li2014share,
  title={The share a ride problem: people and parcels sharing taxis},
  author={Li, Baoxiang and Krushinsky, Dmitry and Reijers, Hajo A and Van Woensel, Tom},
  journal={European Journal of Operational Research},
  volume={238},
  number={1},
  pages={31--40},
  year={2014},
  publisher={Elsevier}
}

@inproceedings{hampshiresinhasimulation,
  title={A simulation study of peer-to-peer carsharing},
  author={Hampshire, Robert C and Sinha, Srinath},
  booktitle={2011 IEEE Forum on Integrated and Sustainable Transportation System (FISTS)},
  pages={159--163},
  year={2011}
}

@article{hampshire2011peer,
  title={Peer-to-peer carsharing},
  author={Hampshire, Robert C and Gaites, Craig},
  journal={Transportation Research Record: Journal of the Transportation Research Board},
  volume={2217},
  number={1},
  pages={119--126},
  year={2011},
  publisher={Trans Res Board}
}

@mastersthesis{lewis2012p2p,
  title={P2P carsharing service design: informing user experience development},
  author={Lewis, Aaron and Simmons, Mark},
 school={Sustainable Product-Service System Innovation, School of Engineering, Blekinge Institute of Technology, Karlskrona, Sweden},
  year={2012}
}

@article{steininger2014extending,
  title={Extending car-sharing to serve commuters: an implementation in Austria},
  author={Steininger, Karl W and Bachner, Gabriel},
  journal={Ecological Economics},
  volume={101},
  pages={64--66},
  year={2014},
  publisher={Elsevier}
}

@article{de2013added,
  title={The added-value of accounting for users' flexibility and information on the potential of a station-based one-way carsharing system: an application in Lisbon, Portugal},
  author={de Almeida Correia, Gon{\c{c}}alo Homem and Jorge, Diana Ramos and Antunes, David Marques},
  journal={Journal of Intelligent Transportation Systems},
  number={just-accepted},
  year={2013},
  publisher={Taylor \& Francis}
}

@article{johnson1998growth,
  title={Growth through product-sharing services},
  author={Johnson, Michael and Herrmann, Andreas and Huber, Frank},
  year={1998},
journal={Journal of Service Research},
volume={1},
pages={167--177},
  publisher={SAGE PUBLICATIONS, INC.}
}

@book{botsman2011s,
  title={What's mine is yours: how collaborative consumption is changing the way we live},
  author={Rachel Botsman and Roo Rogers},
  year={2010},
  publisher={Collins},
address={New York}
}

@article{shaheen2013carsharing,
  title={Carsharing and personal vehicle services: worldwide market developments and emerging trends},
  author={Shaheen, Susan A and Cohen, Adam P},
  journal={International Journal of Sustainable Transportation},
  volume={7},
  number={1},
  pages={5--34},
  year={2013},
  publisher={Taylor \& Francis}
}


@article{wu2005drives,
  title={What drives mobile commerce? An empirical evaluation of the revised technology acceptance model},
  author={Wu, Jen-Her and Wang, Shu-Ching},
  journal={Information \& management},
  volume={42},
  number={5},
  pages={719--729},
  year={2005},
  publisher={Elsevier}
}

@article{aguirregabiria2010dynamic,
  title={Dynamic discrete choice structural models: a survey},
  author={Aguirregabiria, Victor and Mira, Pedro},
  journal={Journal of Econometrics},
  volume={156},
  number={1},
  pages={38--67},
  year={2010},
  publisher={Elsevier}
}

@article{vulcano2010om,
  title={OM Practice-Choice-Based Revenue Management: An Empirical Study of Estimation and Optimization},
  author={Vulcano, Gustavo and van Ryzin, Garrett and Chaar, Wassim},
  journal={Manufacturing \& Service Operations Management},
  volume={12},
  number={3},
  pages={371--392},
  year={2010},
  publisher={INFORMS}
}

@book{train2009discrete,
  title={Discrete choice methods with simulation},
  author={Kenneth Train},
  year={2009},
  publisher={Cambridge University Press}
}

@article{cascetta1991day,
  title={A day-to-day and within-day dynamic stochastic assignment model},
  author={Cascetta, Ennio and Cantarella, Giulio Erberto},
  journal={Transportation Research Part A: General},
  volume={25},
  number={5},
  pages={277--291},
  year={1991},
  publisher={Elsevier}
}

@article{ben1991dynamic,
  title={Dynamic network models and driver information systems},
  author={Ben-Akiva, Moshe and De Palma, Andre and Isam, Kaysi},
  journal={Transportation Research Part A: General},
  volume={25},
  number={5},
  pages={251--266},
  year={1991},
  publisher={Elsevier}
}

@inproceedings{ben1984modeling,
  title={Modeling inter-urban route choice behaviour},
  author={Ben-Akiva, M and Bergman, MJ and Daly, Andrew J and Ramaswamy, Rohit},
  booktitle={Proceedings of the 9th International Symposium on Transportation and Traffic Theory, VNU Press, Utrecht},
  pages={299--330},
  year={1984}
}

@article{chow2010state,
  title={State-of-the art of freight forecast modeling: lessons learned and the road ahead},
  author={Chow, Joseph YJ and Yang, Choon Heon and Regan, Amelia C},
  journal={Transportation},
  volume={37},
  number={6},
  pages={1011--1030},
  year={2010},
  publisher={Springer}
}

@article{chen2010review,
  title={A review of the applications of agent technology in traffic and transportation systems},
  author={Chen, Bo and Cheng, Harry H},
  journal={Intelligent Transportation Systems, IEEE Transactions on},
  volume={11},
  number={2},
  pages={485--497},
  year={2010},
  publisher={IEEE}
}

@incollection{gusfield1989stable,
  title={The stable marriage problem: structure and algorithms},
  author={Gusfield, Dan and Irving, Robert W},
booktitle={Foundations of Computing Series}, 
  volume={54},
  year={1989},
  publisher={MIT Press},
address={Cambridge}
}


@article{robb2010class,
  title={An in-class competition introducing inventory management concepts},
  author={Robb, David J and Johnson, M Eric and Silver, Edward A},
  journal={INFORMS Transactions on Education},
  volume={10},
  number={3},
  pages={122--125},
  year={2010},
  publisher={INFORMS}
}


@book{IE4545Text,
  title={Service Management Operations, Strategy, Information Technology},
  author={James A Fitzsimmons and Mona J Fitzsimmons},
  year={2011},
  publisher={McGraw-Hill Irwin},
address={New York}
}

@article{dhar1997consumer,
  title={Consumer preference for a no-choice option},
  author={Dhar, Ravi},
  journal={Journal of Consumer Research},
  volume={24},
  number={2},
  pages={215--231},
  year={1997},
  publisher={JSTOR}
}

@misc{TimesSharing,
    author    = "Brian Walsh",
   title     = "10 Ideas that will change the world: today's smart choice: don't own share",
    howpublished = "{\em Time Magazine,}  \url{http://content.time.com/time/specials/packages/article/0,28804,2059521_2059717,00.html}",
    year     = "2011",
    month    = "",
    note     = "",
}

@misc{AirbnbNYE,
    author    = "Airbnb",
   title     = "More Than One Million People Will Celebrate New Year’s Eve in 150 Countries on Airbnb",
    howpublished = "\url{https://www.airbnb.com/press/news/more-than-one-million-people-will-celebrate-new-year-s-eve-in-150-countries} \url{-on-airbnb}",
    year     = "2015",
    month    = "",
    note     = "",
}

@misc{ReportSharing,
    author    = "Jeremiah Owyang",
    title     = "Sharing is the new buying: how to win in the collaborative economy",
    howpublished = "online,  \url{http://www.web-strategist.com/blog/2014/03/03/report-sharing-is-the-new-buying-winning-in-the-collaborative-economy}",
    year     = "2014",
    month    = "March",
    note     = "",
}


@misc{EconomistSharing,
	key ={Economist},
	author = {{The}{ }{E}conomist},
    title     = "The rise of the sharing economy",
    howpublished = "{\em The Economist,}  \url{http://www.economist.com/news/leaders/21573104-internet-everything-hire-rise-sharing-economy}",
    year     = "2013",
    month    = "March",
    note     = "",
}
@misc{TimeTaskRabbit,
author ="Victor Luckerson",
  journal={Time Magazine},
    title     = "TaskRabbit is about to change dramatically",
    howpublished = "{\em Time Magazine,}  \url{http://time.com/2890338/taskrabbit/}",
    year     = "2014",
    month    = "June",
    note     = "",
}

@misc{VergeTaskRabbit,
author ="Casey Newton",
journal ="The Verge",
    title     = "TaskRabbit is blowing up its business model and becoming the Uber for everything",
    howpublished = "{\em The Verge,} \url{http://www.theverge.com/2014/6/17/5816254/taskrabbit-blows-up-its-auction-house-to-offer-services-on-demand}",
    year     = "2014",
    month    = "June",
    note     = "",
}

@article{anderson2003psychology,
  title={The psychology of doing nothing: forms of decision avoidance result from reason and emotion.},
  author={Anderson, Christopher J},
  journal={Psychological bulletin},
  volume={129},
  number={1},
  pages={139},
  year={2003},
  publisher={American Psychological Association}
}

@article{haaijer2001no,
  title={The ‘no-choice’alternative in conjoint choice experiments},
  author={Haaijer, Rinus and Kamakura, Wagner and Wedel, Michel},
  journal={International Journal of Market Research},
  volume={43},
  number={1},
  pages={93--106},
  year={2001},
  publisher={Department of Marketing, University of Strathclyde}
}

@article{scheibehenne2010can,
  title={Can there ever be too many options? A meta analytic review of choice overload},
  author={Scheibehenne, Benjamin and Greifeneder, Rainer and Todd, Peter M},
  journal={Journal of Consumer Research},
  volume={37},
  number={3},
  pages={409--425},
  year={2010},
  publisher={JSTOR}
}

@article{agatz2012optimization,
  title={Optimization for dynamic ride-sharing: a review},
  author={Agatz, Niels and Erera, Alan and Savelsbergh, Martin and Wang, Xing},
  journal={European Journal of Operational Research},
  volume={223},
  number={2},
  pages={295--303},
  year={2012},
  publisher={Elsevier}
}

@article{pillac2013review,
  title={A review of dynamic vehicle routing problems},
  author={Pillac, Victor and Gendreau, Michel and Gu{\'e}ret, Christelle and Medaglia, Andr{\'e}s L},
  journal={European Journal of Operational Research},
  volume={225},
  number={1},
  pages={1--11},
  year={2013},
  publisher={Elsevier}
}

@article{parragh2008survey,
  title={A survey on pickup and delivery problems},
  author={Parragh, Sophie N and Doerner, Karl F and Hartl, Richard F},
  journal={Journal f{\"u}r Betriebswirtschaft},
  volume={58},
  number={1},
  pages={21--51},
  year={2008},
  publisher={Springer}
}

@article{gruebele2008interactive,
  title={Interactive system for real time dynamic multi-hop carpooling},
  author={Gruebele, Philip A},
  journal={Global Transport Knowledge Partnership},
  year={2008}
}

@incollection{herbawi2011evolutionary,
  title={Evolutionary multiobjective route planning in dynamic multi-hop ridesharing},
  author={Herbawi, Wesam and Weber, Michael},
  booktitle={Evolutionary Computation in Combinatorial Optimization},
  pages={84--95},
  year={2011},
  publisher={Springer}
}

@article{cortes2010pickup,
  title={The pickup and delivery problem with transfers: formulation and a branch-and-cut solution method},
  author={Cort{\'e}s, Cristi{\'a}n E and Matamala, Mart{\'\i}n and Contardo, Claudio},
  journal={European Journal of Operational Research},
  volume={200},
  number={3},
  pages={711--724},
  year={2010},
  publisher={Elsevier}
}

@article{kikuchi1984scheduling,
  title={Scheduling of demand-responsive transit vehicles},
  author={Kikuchi, Shinya},
  journal={Journal of Transportation Engineering},
  volume={110},
  number={6},
  pages={511--520},
  year={1984},
  publisher={American Society of Civil Engineers}
}

@article{coslovich2006two,
  title={A two-phase insertion technique of unexpected customers for a dynamic dial-a-ride problem},
  author={Coslovich, Luca and Pesenti, Raffaele and Ukovich, Walter},
  journal={European Journal of Operational Research},
  volume={175},
  number={3},
  pages={1605--1615},
  year={2006},
  publisher={Elsevier}
}

@article{horn2002fleet,
  title={Fleet scheduling and dispatching for demand-responsive passenger services},
  author={Horn, Mark ET},
  journal={Transportation Research Part C: Emerging Technologies},
  volume={10},
  number={1},
  pages={35--63},
  year={2002},
  publisher={Elsevier}
}

@article{horn2002multi,
  title={Multi-modal and demand-responsive passenger transport systems: a modelling framework with embedded control systems},
  author={Horn, MET},
  journal={Transportation Research Part A: Policy and Practice},
  volume={36},
  number={2},
  pages={167--188},
  year={2002},
  publisher={Elsevier}
}

@article{xiang2006fast,
  title={A fast heuristic for solving a large-scale static dial-a-ride problem under complex constraints},
  author={Xiang, Zhihai and Chu, Chengbin and Chen, Haoxun},
  journal={European Journal of Operational Research},
  volume={174},
  number={2},
  pages={1117--1139},
  year={2006},
  publisher={Elsevier}
}

@article{xiang2008study,
  title={The study of a dynamic dial-a-ride problem under time-dependent and stochastic environments},
  author={Xiang, Zhihai and Chu, Chengbin and Chen, Haoxun},
  journal={European Journal of Operational Research},
  volume={185},
  number={2},
  pages={534--551},
  year={2008},
  publisher={Elsevier}
}

@article{quadrifoglio2007insertion,
  title={An insertion heuristic for scheduling mobility allowance shuttle transit (MAST) services},
  author={Quadrifoglio, Luca and Dessouky, Maged M and Palmer, Kurt},
  journal={Journal of Scheduling},
  volume={10},
  number={1},
  pages={25--40},
  year={2007},
  publisher={Springer}
}

@article{zhao2008service,
  title={Service capacity design problems for mobility allowance shuttle transit systems},
  author={Zhao, Jiamin and Dessouky, Maged},
  journal={Transportation Research Part B: Methodological},
  volume={42},
  number={2},
  pages={135--146},
  year={2008},
  publisher={Elsevier}
}

@article{diana2004new,
  title={A new regret insertion heuristic for solving large-scale dial-a-ride problems with time windows},
  author={Diana, Marco and Dessouky, Maged M},
  journal={Transportation Research Part B: Methodological},
  volume={38},
  number={6},
  pages={539--557},
  year={2004},
  publisher={Elsevier}
}

@article{liaw1996decision,
  title={A decision support system for the bimodal dial-a-ride problem},
  author={Liaw, Ching-Fang and White, Chelsea C and Bander, James},
  journal={Systems, Man and Cybernetics, Part A: Systems and Humans, IEEE Transactions on},
  volume={26},
  number={5},
  pages={552--565},
  year={1996},
  publisher={IEEE}
}

@article{powell2000value,
  title={On the value of optimal myopic solutions for dynamic routing and scheduling problems in the presence of user noncompliance},
  author={Powell, Warren B and Towns, Michael T and Marar, Arun},
  journal={Transportation Science},
  volume={34},
  number={1},
  pages={67--85},
  year={2000},
  publisher={INFORMS}
}

@article{yang2004real,
  title={Real-time multivehicle truckload pickup and delivery problems},
  author={Yang, Jian and Jaillet, Patrick and Mahmassani, Hani},
  journal={Transportation Science},
  volume={38},
  number={2},
  pages={135--148},
  year={2004},
  publisher={INFORMS}
}

@article{dial1995autonomous,
  title={Autonomous dial-a-ride transit introductory overview},
  author={Dial, Robert B},
  journal={Transportation Research Part C: Emerging Technologies},
  volume={3},
  number={5},
  pages={261--275},
  year={1995},
  publisher={Elsevier}
}

@article{healy1995new,
  title={A new extension of local search applied to the dial-a-ride problem},
  author={Healy, Patrick and Moll, Robert},
  journal={European Journal of Operational Research},
  volume={83},
  number={1},
  pages={83--104},
  year={1995},
  publisher={Elsevier}
}

@incollection{campbell2005strategic,
  title={Strategic network design for motor carriers},
  author={Campbell, James F},
  booktitle={Logistics systems: design and optimization},
  pages={245--278},
  year={2005},
  publisher={Springer}
}

@article{alumur2008network,
  title={Network hub location problems: the state of the art},
  author={Alumur, Sibel and Kara, Bahar Y},
  journal={European Journal of Operational Research},
  volume={190},
  number={1},
  pages={1--21},
  year={2008},
  publisher={Elsevier}
}

@article{bardhi2012access,
  title={Access-based consumption: the case of car sharing},
  author={Bardhi, Fleura and Eckhardt, Giana M},
  journal={Journal of Consumer Research},
  volume={39},
  number={4},
  pages={881--898},
  year={2012},
  publisher={JSTOR}
}

@article{belk2014you,
  title={You are what you can access: sharing and collaborative consumption online},
  author={Belk, Russell},
  journal={Journal of Business Research},
  volume={67},
  number={8},
  pages={1595--1600},
  year={2014},
  publisher={Elsevier}
}

@article{corciolani2014gift,
  title={Gift-giving, sharing and commodity exchange at Bookcrossing.com. New insights from a qualitative analysis},
  author={Corciolani, Matteo and Dalli, Daniele},
  journal={Management Decision},
  volume={52},
  number={4},
  pages={7--7},
  year={2014},
  publisher={Emerald Group Publishing Limited}
}

@article{wright1975consumer,
  title={Consumer choice strategies: simplifying vs. optimizing},
  author={Wright, Peter},
  journal={Journal of Marketing Research},
  pages={60--67},
  year={1975},
  publisher={JSTOR}

@article{hui1991perceived,
  title={Perceived control and the effects of crowding and consumer choice on the service experience},
  author={Hui, Michael K and Bateson, John EG},
  journal={Journal of Consumer Research},
  pages={174--184},
  year={1991},
  publisher={JSTOR}


@article{winter2006ad,
  title={Ad hoc shared ride trip planning by mobile geosensor networks},
  author={Winter, Stephan and Nittel, Silvia},
  journal={International Journal of Geographical Information Science},
  volume={20},
  number={8},
  pages={899--916},
  year={2006},
  publisher={Taylor \& Francis}
}

@incollection{xing2009smize,
  title={SMIZE: a spontaneous ride-sharing system for individual urban transit},
  author={Xing, Xin and Warden, Tobias and Nicolai, Tom and Herzog, Otthein},
  booktitle={Multiagent System Technologies},
  pages={165--176},
  year={2009},
  publisher={Springer}
}

@inproceedings{kleiner2011mechanism,
  title={A mechanism for dynamic ride sharing based on parallel auctions},
  author={Kleiner, Alexander and Nebel, Bernhard and Ziparo, Vittorio A and Srl, Algorithmica},
  booktitle={Procedings of the Twenty-Second International Joint Conference on Artificial Intelligence},
  pages={266--272},
  year={2011}
}

@article{furuhata2013ridesharing,
  title={Ridesharing: the state-of-the-art and future directions},
  author={Furuhata, Masabumi and Dessouky, Maged and Ord{\'o}{\~n}ez, Fernando and Brunet, Marc-Etienne and Wang, Xiaoqing and Koenig, Sven},
  journal={Transportation Research Part B: Methodological},
  volume={57},
  pages={28--46},
  year={2013},
  publisher={Elsevier}
}

@article{deakin2010markets,
  title={Markets for dynamic ridesharing?},
  author={Deakin, Elizabeth and Frick, Karen Trapenberg and Shively, Kevin M},
  journal={Transportation Research Record: Journal of the Transportation Research Board},
  volume={2187},
  number={1},
  pages={131--137},
  year={2010},
  publisher={Trans Res Board}
}

@article{li2014share,
  title={The share-a-ride problem: people and parcels sharing taxis},
  author={Li, Baoxiang and Krushinsky, Dmitry and Reijers, Hajo A and Van Woensel, Tom},
  journal={European Journal of Operational Research},
  volume={238},
  number={1},
  pages={31--40},
  year={2014},
  publisher={Elsevier}
}

@article{fink2006modeling,
  title={Modeling and solving the short-term car rental logistics problem},
  author={Fink, Andreas and Reiners, Torsten},
  journal={Transportation Research Part E: Logistics and Transportation Review},
  volume={42},
  number={4},
  pages={272--292},
  year={2006},
  publisher={Elsevier}
}

@article{borenstein2010partitioning,
  title={On the partitioning of dynamic workforce scheduling problems},
  author={Borenstein, Yossi and Shah, Nazaraf and Tsang, Edward and Dorne, Raphael and Alsheddy, Abdullah and Voudouris, Christos},
  journal={Journal of Scheduling},
  volume={13},
  number={4},
  pages={411--425},
  year={2010},
  publisher={Springer}
}

@article{george2011fleet,
  title={Fleet-sizing and service availability for a vehicle rental system via closed queueing networks},
  author={George, David K and Xia, Cathy H},
  journal={European Journal of Operational Research},
  volume={211},
  number={1},
  pages={198--207},
  year={2011},
  publisher={Elsevier}
}

@article{melkote2012optimizing,
  title={Optimizing vacation exchange},
  author={Melkote, Srinidhi and Cao, Dasong and Modgil, Preeti and Thakkar, Sneha and Connelly, Ryan},
  journal={Journal of Revenue \& Pricing Management},
  volume={11},
  number={6},
  pages={625--631},
  year={2012},
  publisher={Nature Publishing Group}
}

@article{guerriero2011operational,
  title={Operational research in the management of the operating theatre: a survey},
  author={Guerriero, Francesca and Guido, Rosita},
  journal={Health Care Management Science},
  volume={14},
  number={1},
  pages={89--114},
  year={2011},
  publisher={Springer}
}

@article{weikl2013relocation,
  title={Relocation strategies and algorithms for free-floating car sharing systems},
  author={Weikl, Simone and Bogenberger, Klaus},
  journal={IEEE Intelligent Transportation Systems Magazine},
  volume={5},
  number={4},
  pages={100--111},
  year={2013},
  publisher={IEEE}
}

@article{mclay2013model,
  title={A model for optimally dispatching ambulances to emergency calls with classification errors in patient priorities},
  author={McLay, Laura A and Mayorga, Maria E},
  journal={IIE Transactions},
  volume={45},
  number={1},
  pages={1--24},
  year={2013},
  publisher={Taylor \& Francis}
}


@article{wellman2001auction,
  title={Auction protocols for decentralized scheduling},
  author={Wellman, Michael P and Walsh, William E and Wurman, Peter R and MacKie-Mason, Jeffrey K},
  journal={Games and Economic Behavior},
  volume={35},
  number={1},
  pages={271--303},
  year={2001},
  publisher={Elsevier}
}

@article{wellman1993market,
  title={A market-oriented programming environment and its application to distributed multicommodity flow problems},
  author={Wellman, Michael P},
  journal={Journal of Artificial Intelligence Research},
volume={1},
pages={1-23},
  year={1993}
}

@article{wang2008demand,
  title={On-demand e-supply chain integration: a multi-agent constraint-based approach},
  author={Wang, Minhong and Liu, Jiming and Wang, Huaiqing and Cheung, William K and Xie, Xiaofeng},
  journal={Expert Systems with Applications},
  volume={34},
  number={4},
  pages={2683--2692},
  year={2008},
  publisher={Elsevier}
}

@article{gjerdrum2001combined,
  title={A combined optimization and agent-based approach to supply chain modelling and performance assessment},
  author={Gjerdrum, Jonatan and Shah, Nilay and Papageorgiou, Lazaros G},
  journal={Production Planning \& Control},
  volume={12},
  number={1},
  pages={81--88},
  year={2001},
  publisher={Taylor \& Francis}
}

@inproceedings{vishnumurthy2003karma,
  title={Karma: a secure economic framework for peer-to-peer resource sharing},
  author={Vishnumurthy, Vivek and Chandrakumar, Sangeeth and Sirer, Emin Gun},
  booktitle={Workshop on Economics of Peer-to-Peer Systems},
  volume={35},
  year={2003}
}

@article{steinmetz20052,
  title={What Is This “Peer-to-Peer” About?},
  author={Steinmetz, Ralf and Wehrle, Klaus},
journal={Peer-to-Peer Systems and Applications Lecture Notes in Computer Science},
  year={2005},
volume={3485},
pages={9--16},
  publisher={Springer}
}

@inproceedings{schollmeier200116,
  title={A definition of peer-to-peer networking for the classification of peer-to-peer architectures and applications},
  author={Schollmeier, R{\"u}diger},
  booktitle={ IEEE International Conference on Peer-to-Peer Computing},
  pages={101--102},
  year={2002},
  organization={IEEE Computer Society}
}

@article{greenleaf1995reasons,
  title={Reasons for substantial delay in consumer decision making},
  author={Greenleaf, Eric A and Lehmann, Donald R},
  journal={Journal of Consumer Research},
  pages={186--199},
  year={1995},
  publisher={JSTOR}
}

@article{dhar1999effect,
  title={The effect of time pressure on consumer choice deferral},
  author={Dhar, Ravi and Nowlis, Stephen M},
  journal={Journal of Consumer Research},
  volume={25},
  number={4},
  pages={369--384},
  year={1999},
  publisher={JSTOR}
}

@article{hsee1998will,
  title={Will products look more attractive when presented separately or together?},
  author={Hsee, Christopher K and Leclerc, France},
  journal={Journal of Consumer Research},
  volume={25},
  number={2},
  pages={175--186},
  year={1998},
  publisher={JSTOR}
}


@article{chernev2003more,
  title={When more is less and less is more: the role of ideal point availability and assortment in consumer choice},
  author={Chernev, Alexander},
  journal={Journal of Consumer Research},
  volume={30},
  number={2},
  pages={170--183},
  year={2003},
  publisher={JSTOR}
}


@article{redelmeier1995medical,
  title={Medical decision making in situations that offer multiple alternatives},
  author={Redelmeier, Donald A and Shafir, Eldar},
  journal={The Journal of the American Medical Association},
  volume={273},
  number={4},
  pages={302--305},
  year={1995},
  publisher={American Medical Association}
}

@article{caldwell2007clickers,
  title={Clickers in the large classroom: current research and best-practice tips},
  author={Caldwell, Jane E},
  journal={CBE-Life Sciences Education},
  volume={6},
  number={1},
  pages={9--20},
  year={2007},
  publisher={Am Soc Cell Biol}
}

@article{chen2010classes,
  title={Classes that click: fast, rich feedback to enhance student learning and satisfaction},
  author={Chen, John C and Whittinghill, Dexter C and Kadlowec, Jennifer A},
  journal={Journal of Engineering Education},
  volume={99},
  number={2},
  pages={159--168},
  year={2010},
  publisher={Wiley Online Library}
}

@article{freeman2014active,
  title={Active learning increases student performance in science, engineering, and mathematics},
  author={Freeman, Scott and Eddy, Sarah L and McDonough, Miles and Smith, Michelle K and Okoroafor, Nnadozie and Jordt, Hannah and Wenderoth, Mary Pat},
  journal={Proceedings of the National Academy of Sciences},
  pages={online},
  year={2014},
  publisher={National Acad Sciences}
}

@article{rothstein1971airline,
  title={An airline overbooking model},
  author={Rothstein, Marvin},
  journal={Transportation Science},
  volume={5},
  number={2},
  pages={180--192},
  year={1971},
  publisher={INFORMS}
}

@article{rothstein1974hotel,
  title={Hotel overbooking as a Markovian sequential decision process},
  author={Rothstein, Marvin},
  journal={Decision Sciences},
  volume={5},
  number={3},
  pages={389--404},
  year={1974},
  publisher={Wiley Online Library}
}

@article{shlifer1975airline,
  title={An airline overbooking policy},
  author={Shlifer, E and Vardi, Y},
  journal={Transportation Science},
  volume={9},
  number={2},
  pages={101--114},
  year={1975},
  publisher={INFORMS}
}

@article{rothstein1985or,
  title={OR Forum—OR and the airline overbooking problem},
  author={Rothstein, Marvin},
  journal={Operations Research},
  volume={33},
  number={2},
  pages={237--248},
  year={1985},
  publisher={INFORMS}
}

@article{kasilingam1997economic,
  title={An economic model for air cargo overbooking under stochastic capacity},
  author={Kasilingam, Raja G},
  journal={Computers \& Industrial engineering},
  volume={32},
  number={1},
  pages={221--226},
  year={1997},
  publisher={Pergamon}
}


@article{goelvalue,
  title={On the value of Advance Demand Information for Freight Carriers},
  author={Goel, Asvin and Center, Zaragoza Logistics}
}


@article{spivey2004dynamic,
  title={The dynamic assignment problem},
  author={Spivey, Michael Z and Powell, Warren B},
  journal={Transportation Science},
  volume={38},
  number={4},
  pages={399--419},
  year={2004},
  publisher={INFORMS}
}

@article{powell2000value,
  title={On the value of optimal myopic solutions for dynamic routing and scheduling problems in the presence of user noncompliance},
  author={Powell, Warren B and Towns, Michael T and Marar, Arun},
  journal={Transportation Science},
  volume={34},
  number={1},
  pages={67--85},
  year={2000},
  publisher={INFORMS}
}


@article{figliozzi2004competitive,
  title={Competitive performance assessment of dynamic vehicle routing technologies using sequential auctions},
  author={Figliozzi, Miguel Andres and Mahmassani, Hani S and Jaillet, Patrick},
  journal={Transportation Research Record: Journal of the Transportation Research Board},
  volume={1882},
  number={1},
  pages={10--18},
  year={2004},
  publisher={Trans Res Board}
}

@article{suzuki2006net,
  title={The net benefit of airline overbooking},
  author={Suzuki, Yoshinori},
  journal={Transportation Research Part E: Logistics and Transportation Review},
  volume={42},
  number={1},
  pages={1--19},
  year={2006},
  publisher={Elsevier}
}


@article{yoon2010demand,
  title={Demand and capacity sharing decisions and protocols in a collaborative network of enterprises},
  author={Yoon, Sang Won and Nof, Shimon Y},
  journal={Decision Support Systems},
  volume={49},
  number={4},
  pages={442--450},
  year={2010},
  publisher={Elsevier}
}

@article{weatherford1992taxonomy,
  title={A taxonomy and research overview of perishable-asset revenue management: yield management, overbooking, and pricing},
  author={Weatherford, Lawrence R and Bodily, Samuel E},
  journal={Operations Research},
  volume={40},
  number={5},
  pages={831--844},
  year={1992},
  publisher={INFORMS}
}

@article{subramanian1999airline,
  title={Airline yield management with overbooking, cancellations, and no-shows},
  author={Subramanian, Janakiram and Stidham Jr, Shaler and Lautenbacher, Conrad J},
  journal={Transportation Science},
  volume={33},
  number={2},
  pages={147--167},
  year={1999},
  publisher={INFORMS}
}


@article{wassenaar2003approach,
  title={An approach to decision-based design with discrete choice analysis for demand modeling},
  author={Wassenaar, Henk Jan and Chen, Wei},
  journal={Journal of Mechanical Design},
  volume={125},
  number={3},
  pages={490--497},
  year={2003},
  publisher={American Society of Mechanical Engineers}
}

@book{train2009discrete,
  title={Discrete choice methods with simulation},
  author={Train, Kenneth E},
  year={2009},
  publisher={Cambridge University Press}
}


@article{kasilingam1997economic,
  title={An economic model for air cargo overbooking under stochastic capacity},
  author={Kasilingam, Raja G},
  journal={Computers \& Industrial engineering},
  volume={32},
  number={1},
  pages={221--226},
  year={1997},
  publisher={Elsevier}
}

@article{chiang2007overview,
  title={An overview of research on revenue management: current issues and future research},
  author={Chiang, Wen-Chyuan and Chen, Jason CH and Xu, Xiaojing},
  journal={International Journal of Revenue Management},
  volume={1},
  number={1},
  pages={97--128},
  year={2007},
  publisher={Inderscience}
}

@article{su2008bounded,
  title={Bounded rationality in newsvendor models},
  author={Su, Xuanming},
  journal={Manufacturing \& Service Operations Management},
  volume={10},
  number={4},
  pages={566--589},
  year={2008},
  publisher={INFORMS}
}


@article{mcfadden1980econometric,
  title={Econometric models for probabilistic choice among products},
  author={McFadden, Daniel},
  journal={Journal of Business},
  pages={S13--S29},
  year={1980},
  publisher={JSTOR}
}

@book{anderson1992discrete,
  title={Discrete choice theory of product differentiation},
  author={Anderson, Simon P and De Palma, Andre and Thisse, Jacques Fran{\c{c}}ois},
  year={1992},
  publisher={MIT press}
}

@article{gallucci2014brief,
  title={Brief reports: Impact of the wait for an initial appointment on the rate of kept appointments at a mental health center},
  author={Gallucci, Gerard and Swartz, Wayne and Hackerman, Florence},
  year={2005},
volume={56},
pages={344-346},
  journal={Am Psychiatric Assoc}
}

@article{liu2010dynamic,
  title={Dynamic scheduling of outpatient appointments under patient no-shows and cancellations},
  author={Liu, Nan and Ziya, Serhan and Kulkarni, Vidyadhar G},
  journal={Manufacturing \& Service Operations Management},
  volume={12},
  number={2},
  pages={347--364},
  year={2010},
  publisher={INFORMS}
}

@article{feldman2014appointment,
  title={Appointment scheduling under patient preference and no-show behavior},
  author={Feldman, Jacob and Liu, Nan and Topaloglu, Huseyin and Ziya, Serhan},
  journal={Operations Research},
  volume={62},
  number={4},
  pages={794--811},
  year={2014},
  publisher={INFORMS}
}


@article{rohleder2000using,
  title={Using client-variance information to improve dynamic appointment scheduling performance},
  author={Rohleder, Thomas R and Klassen, Kenneth J},
  journal={Omega},
  volume={28},
  number={3},
  pages={293--302},
  year={2000},
  publisher={Elsevier}
}


@article{erdogan2013dynamic,
  title={Dynamic appointment scheduling of a stochastic server with uncertain demand},
  author={Erdogan, S Ayca and Denton, Brian},
  journal={INFORMS Journal on Computing},
  volume={25},
  number={1},
  pages={116--132},
  year={2013},
  publisher={INFORMS}
}

@article{gupta2008appointment,
  title={Appointment scheduling in health care: Challenges and opportunities},
  author={Gupta, Diwakar and Denton, Brian},
  journal={IIE Transactions},
  volume={40},
  number={9},
  pages={800--819},
  year={2008},
  publisher={Taylor \& Francis}
}


@article{luo2012appointment,
  title={Appointment scheduling under patient no-shows and service interruptions},
  author={Luo, Jianzhe and Kulkarni, Vidyadhar G and Ziya, Serhan},
  journal={Manufacturing \& Service Operations Management},
  volume={14},
  number={4},
  pages={670--684},
  year={2012},
  publisher={INFORMS}
}

@article{ben1995discrete,
  title={Discrete choice models with latent choice sets},
  author={Ben-Akiva, Moshe and Boccara, Bruno},
  journal={International Journal of Research in Marketing},
  volume={12},
  number={1},
  pages={9--24},
  year={1995},
  publisher={Elsevier}
}

@book{anderson1992discrete,
  title={Discrete choice theory of product differentiation},
  author={Anderson, Simon P and De Palma, Andre and Thisse, Jacques Fran{\c{c}}ois},
  year={1992},
  publisher={MIT press}
}

@incollection{pazzani2007content,
  title={Content-based recommendation systems},
  author={Pazzani, Michael J and Billsus, Daniel},
  booktitle={The adaptive web},
  pages={325--341},
  year={2007},
  publisher={Springer}
}

@article{adomavicius2005toward,
  title={Toward the next generation of recommender systems: A survey of the state-of-the-art and possible extensions},
  author={Adomavicius, Gediminas and Tuzhilin, Alexander},
  journal={IEEE Transactions on Knowledge and Data Engineering},
  volume={17},
  number={6},
  pages={734--749},
  year={2005},
  publisher={IEEE}
}

@incollection{condliff1999bayesian,
  title={Bayesian mixed-effects models for recommender systems},
  author={Condliff, Michelle Keim and Lewis, David D and Madigan, David and Posse, Christian},
  booktitle={ACM SIGIR’99 Workshop on Recommender Systems: Algorithms and Evaluation},
  volume={15},
    year={1999},
  publisher={Citeseer}
}

@incollection{lops2011content,
  title={Content-based recommender systems: State of the art and trends},
  author={Lops, Pasquale and De Gemmis, Marco and Semeraro, Giovanni},
  booktitle={Recommender Systems Handbook},
  pages={73--105},
  year={2011},
  publisher={Springer}
}

@incollection{schafer2007collaborative,
  title={Collaborative filtering recommender systems},
  author={Schafer, J Ben and Frankowski, Dan and Herlocker, Jon and Sen, Shilad},
  booktitle={The adaptive web},
  pages={291--324},
  year={2007},
  publisher={Springer}
}

@article{ekstrand2011collaborative,
  title={Collaborative filtering recommender systems},
  author={Ekstrand, Michael D and Riedl, John T and Konstan, Joseph A},
  journal={Foundations and Trends in Human-Computer Interaction},
  volume={4},
  number={2},
  pages={81--173},
  year={2011},
  publisher={Now Publishers Inc.}
}

@incollection{amatriain2011data,
  title={Data mining methods for recommender systems},
  author={Amatriain, Xavier and Jaimes, Alejandro and Oliver, Nuria and Pujol, Josep M},
  booktitle={Recommender Systems Handbook},
  pages={39--71},
  year={2011},
  publisher={Springer}
}

@article{resnick1997recommender,
  title={Recommender systems},
  author={Resnick, Paul and Varian, Hal R},
  journal={Communications of the ACM},
  volume={40},
  number={3},
  pages={56--58},
  year={1997},
  publisher={ACM}
}

@article{gale1962college,
  title={College admissions and the stability of marriage},
  author={Gale, David and Shapley, Lloyd S},
  journal={The American Mathematical Monthly},
  volume={69},
  number={1},
  pages={9--15},
  year={1962},
  publisher={JSTOR}
}

@book{fourer1993ampl,
  title={Ampl},
  author={Fourer, Robert and Gay, David and Kernighan, Brian},
  volume={117},
  year={1993},
  publisher={Boyd \& Fraser Danvers, MA}
}

@book{bard2013practical,
  title={Practical bilevel optimization: algorithms and applications},
  author={Bard, Jonathan F},
  volume={30},
  year={2013},
  publisher={Springer Science \& Business Media}
}